









@article{zhou2014regularized,
  title={Regularized matrix regression},
  author={Zhou, Hua and Li, Lexin},
  journal={Journal of the Royal Statistical Society: Series B (Statistical Methodology)},
  volume={76},
  number={2},
  pages={463--483},
  year={2014},
  publisher={Wiley Online Library}
}



@article{li2010dimension,
  title={On dimension folding of matrix-or array-valued statistical objects},
  author={Li, Bing and Kim, Min Kyung and Altman, Naomi},
  journal={The Annals of Statistics},
  pages={1094--1121},
  year={2010},
  publisher={JSTOR}
}


@article{li2014spatial,
  title={Spatial Bayesian variable selection and grouping in high-dimensional scalar-on-image regressions},
  author={Li, F and Zhang, T and Wang, Q and Gonzalez, MZ and Maresh, EL and Coan, J},
  journal={Annals of Applied Statistics,},
  volume={to appear},
  year={2015}
}

@article{WangZhu2015,
  title={Generalized scalar-to-image regression models via total varaition},
  author={Wang, Xiao  and  Zhu, Hongtu},
  journal={Submitted},
  year={2015}
}




@article{ReissEtAlWaveletRegression2015,
  title={Wavelet-domain regression and predictive inference in psychiatric neuroimaging},
  author={Reiss, Philip T.  and  Huo, Lan and  Zhao, Yihong and  Kelly,  Clare and Ogden R. Todd },
  journal={Submitted},
  year={2015}
}




@article{ZhangEtAlFunctionalCAR2015,
  title={Functional CAR models for spatially correlated functional datasets},
  author={Zhang, Lin and Baladandayuthapani, Veerabhadran  and Zhu, Hongxiao and Baggerly,  Keith A. and Majewski,  Tadeusz and Czerniak, Bogdan and Morris,  S. Jeffrey},
  journal={Journal of the American Statistical Association},
  volume={to appear},
  year={2015}
}


@article{li2010bayesian,
  title={Bayesian variable selection in structured high-dimensional covariate spaces with applications in genomics},
  author={Li, Fan and Zhang, Nancy R},
  journal={Journal of the American Statistical Association},
  volume={105},
  number={491},
  year={2010}
}

@article{boehm2014spatial,
  title={Spatial variable selection methods for investigating acute health effects of fine particulate matter components},
  author={Boehm Vock, Laura F and Reich, Brian J and Fuentes, Montserrat and Dominici, Francesca},
  journal={Biometrics},
  year={2014},
  publisher={Wiley Online Library}
}

@article{james2009functional,
  title={Functional linear regression that's interpretable},
  author={James, Gareth M and Wang, Jing and Zhu, Ji},
  journal={The Annals of Statistics},
  pages={2083--2108},
  year={2009},
  publisher={JSTOR}
}

@article{reiss2010functional,
  title={Functional generalized linear models with images as predictors},
  author={Reiss, Philip T and Ogden, R Todd},
  journal={Biometrics},
  volume={66},
  number={1},
  pages={61--69},
  year={2010},
  publisher={Wiley Online Library}
}

@article{wang2014regularized,
  title={Regularized 3D functional regression for brain image data via Haar wavelets},
  author={Wang, Xuejing and Nan, Bin and Zhu, Ji and Koeppe, Robert and Alzheimerâ€™s Disease Neuroimaging Initiative and others},
  journal={The Annals of Applied Statistics},
  volume={8},
  number={2},
  pages={1045--1064},
  year={2014},
  publisher={Institute of Mathematical Statistics}
}

@article{smith2007spatial,
  title={Spatial Bayesian variable selection with application to functional magnetic resonance imaging},
  author={Smith, Michael and Fahrmeir, Ludwig},
  journal={Journal of the American Statistical Association},
  volume={102},
  number={478},
  pages={417--431},
  year={2007},
  publisher={Taylor \& Francis}
}

@article{huang2013bayesian,
  title={Bayesian scalar-on-image regression with application to association between intracranial DTI and cognitive outcomes},
  author={Huang, Lei and Goldsmith, Jeff and Reiss, Philip T and Reich, Daniel S and Crainiceanu, Ciprian M},
  journal={NeuroImage},
  volume={83},
  pages={210--223},
  year={2013},
  publisher={Elsevier}
}

@article{goldsmith2014smooth,
  title={Smooth scalar-on-image regression via spatial Bayesian variable selection},
  author={Goldsmith, Jeff and Huang, Lei and Crainiceanu, Ciprian M},
  journal={Journal of Computational and Graphical Statistics},
  volume={23},
  number={1},
  pages={46--64},
  year={2014},
  publisher={Taylor \& Francis}
}




@book{handbook:2010,
	Address = {New York},
	Author = {Gelfand, A. E. and Diggle, P. J. and Fuentes, M. and Guttorp, P.},
	Publisher = {Chapman \& Hall/CRC},
	Title = {{Handbook of Spatial Statistics}},
	Year = {2010}
}


@book{banerjee:2004,
	Address = {Boca Rotan, FL},
	Author = {Banerjee, S. and Carlin, B. P. and Gelfand, A. E.},
	Publisher = {Chapman \& Hall/CRC},
	Title = {{Hierarchical modeling and analysis for spatial data}},
	Year = {2004}
}

@book{cressie:1993,
	Address = {New York},
	Author = {Cressie, N.},
	Publisher = {Wiley-Interscience},
	Title = {{Statistics for Spatial Data}},
	Year = {1993}
}


@book{nelsen:1999,
	Address = {New York},
	Author = {Nelsen, R. B.},
	Publisher = {Springer-Verlag},
	Title = {{An introduction to copulas}},
	Year = {1999}
}



@article{Nychka:2015,
	title={{A multi-resolution Gaussian process model for the analysis of large spatial data sets}},
	author={Nychka, D. and Bandyopadhyay, S. and Hammerling, D. M. and Lindgren, F. and Sain, S.},
	year={2015},
	journal={Journal of Computational and Graphical Statistics},
	note={In press}
}




@article{Boehm:2015,
  title={{Spatial variable selection methods for investigating acute health effects of fine particulate matter components}},
  author={Boehm Vock, L. F. and Reich, B. J. and Fuentes, M. and Dominici, F.},
  year={2015},
  journal={Biometrics},
  note={In press}
}

@article{Goldsmith:2014,
	title={{Smooth Scalar-on-Image Regression via Spatial Bayesian Variable Selection}},
	author={Goldsmith, J. and Huang, L. and Crainiceanu, C. M.},
	year={2014},
	journal={Journal of Computational and Graphical Statistics},
    volume={23},
    pages={46-64}
}

@article{Moller:2006,
	title={{An efficient Markov chain Monte Carlo method for distributions with
	intractable normalising constants}},
	author={M{\o}ller, J. and Pettitt, A. and Berthelsen, K. and Reeves, R.},
	year={2006},
	journal={Biometrika},
	volume={93},
	pages={451-458}
}

@article{Tibs:1996,
	title={{Regression shrinkage and selection via the lasso}},
	author={Tibshirani, R.},
	year={1996},
	journal={Journal of the Royal Statistical Society: Series B},
	volume={58},
	pages={267-288}
}

@article{Tibs:2011,
	title={{The solution path of the generalized lasso}},
	author={Tibshirani, R. J. and Taylor, J.},
	year={2011},
	journal={Annals of Statistics },
	volume={39},
	pages={1335-1371}
}

@article{Tibs:2005,
	title={{Sparsity and smoothness
	via the fused lasso}},
	author={Tibshirani, R. and  Saunders, M. and Rosset, S. and Zhu, J. and Knight, K.},
	year={2005},
	journal={Journal of the Royal Statistical Society: Series B},
	volume={67},
	pages={91-108}
}

@article{Xiao:2013,
	title={{Fast bivariate P-splines: The sandwich smoother}},
	author={Xiao, L. and Li, Y. and Ruppert, D.},
	year={2013},
	journal={Journal of the Royal Statistical Society: Series B},
	volume={75},
	pages={577-599}
}


@inproceedings{higdon-1998,
	AUTHOR="Higdon, D. and Swall, J. and Kern, J.",
	TITLE={{N}on-{S}tationary {S}patial {M}odeling},
	BOOKTITLE={Bayesian Statistics 6 - Proceedings of the Sixth Valencia Meeting},
	YEAR={1999},
	PUBLISHER={J.M. Bernardo, J.O. Berger, A.P. Dawid, and A.F.M. Smith, (editors). Clarendon Press - Oxford},
	PAGES={761-768}
}

 @Manual{lars,
 	title = {{lars: Least angle regression, lasso and forward stagewise}},
 	author = {Hastie, T. and Efron, B.},
 	year = {2013},
 	note = {R package version 3.0.2},
 }
 
 @Manual{genlasso,
 	title = {{genlasso: Path algorithm for generalized lasso problems}},
 	author = {Arnold, T. B. and Tibshirani, R. J.},
 	year = {2014},
 	note = {R package version 3.0.2},
 }

 @Manual{refund,
 	title = {{refund: Regression with functional data}},
 	author = {Crainiceanu, C. and Reiss, P. and Goldsmith, J. and Huang, L.and Huo, L. and Scheipl, F.},
 	year = {2014},
 	note = {R package version 3.0.2},
 }


 @Manual{glmnet,
 	title = {{glmnet: Lasso and elastic-net regularized generalized linear models}},
 	author = {Friedman, J. and Hastie, T. and Simon, N. and Tibshirani, R.},
 	year = {2014},
 	note = {R package version 3.0.2},
 }





 
@Manual{R,
	title = {R: A Language and Environment for Statistical Computing},
	author = {{R Core Team}},
	organization = {R Foundation for Statistical Computing},
	address = {Vienna, Austria},
	year = {2013},
	url = {http://www.R-project.org/}
}

